<?xml version="1.0" encoding="UTF-8"?><collection xmlns="http://www.loc.gov/MARC21/slim"><record><leader>00423nam--2200157-i-4500</leader><controlfield tag="001">000012478</controlfield><controlfield tag="002">20161230</controlfield><controlfield tag="005">20170210012026</controlfield><controlfield tag="008">060222s1000------------r-----000-0-eng-d</controlfield><datafield ind1=" " ind2=" " tag="100"><subfield code="a">Damian, N</subfield></datafield><datafield ind1=" " ind2=" " tag="245"><subfield code="a">Bazele limbajului assembler-360. suport de curs. partea I-a</subfield></datafield><datafield ind1=" " ind2=" " tag="260"><subfield code="a">Bucuresti</subfield><subfield code="b">Ministerull Muncii, Cepeca</subfield><subfield code="c">F.An</subfield></datafield><datafield ind1=" " ind2=" " tag="300"><subfield code="a">61 p</subfield></datafield><datafield ind1=" " ind2=" " tag="700"><subfield code="a">Iliescu, D</subfield></datafield><datafield ind1=" " ind2=" " tag="852"><subfield code="a">519.682.8</subfield></datafield><datafield ind1=" " ind2=" " tag="CAT"><subfield code="a">SYS</subfield><subfield code="c">20170210</subfield><subfield code="h">012026</subfield></datafield></record></collection>